<?xml version="1.0" encoding="UTF-8"?>
<marc:collection xmlns:marc="http://www.loc.gov/MARC21/slim" xmlns:xsi="http://www.w3.org/2001/XMLSchema-instance" xsi:schemaLocation="http://www.loc.gov/MARC21/slim http://www.loc.gov/standards/marcxml/schema/MARC21slim.xsd">
   <marc:record type="Bibliographic">
      <marc:leader>01818cam a2200373 a 4500</marc:leader>
      <marc:controlfield tag="001">657041</marc:controlfield>
      <marc:controlfield tag="003">NjP</marc:controlfield>
      <marc:controlfield tag="005">20130426093309.0</marc:controlfield>
      <marc:controlfield tag="008">910709s1988    ir ah    b    00110 ara d</marc:controlfield>
      <marc:datafield tag="024" ind1="7" ind2=" ">
         <marc:subfield code="a">princeton_aco000627</marc:subfield>
         <marc:subfield code="2">local</marc:subfield>
      </marc:datafield>
      <marc:datafield tag="035" ind1=" " ind2=" ">
         <marc:subfield code="a">(OCoLC)24928536</marc:subfield>
      </marc:datafield>
      <marc:datafield tag="035" ind1=" " ind2=" ">
         <marc:subfield code="a">(CStRLIN)NJPG91-B33982</marc:subfield>
      </marc:datafield>
      <marc:datafield tag="035" ind1=" " ind2=" ">
         <marc:subfield code="9">ACZ3318TS</marc:subfield>
      </marc:datafield>
      <marc:datafield tag="040" ind1=" " ind2=" ">
         <marc:subfield code="a">NjP</marc:subfield>
         <marc:subfield code="c">NjP</marc:subfield>
      </marc:datafield>
      <marc:datafield tag="041" ind1="0" ind2=" ">
         <marc:subfield code="a">araper</marc:subfield>
      </marc:datafield>
      <marc:datafield tag="100" ind1="0" ind2=" ">
         <marc:subfield code="a">Ibn al-ʻArabī,</marc:subfield>
         <marc:subfield code="d">1165-1240.</marc:subfield>
      </marc:datafield>
      <marc:datafield tag="245" ind1="1" ind2="3">
         <marc:subfield code="a">al-Tajalliyāt al-ilāhīyah /</marc:subfield>
         <marc:subfield code="c">Muḥyī al-Dīn ibn ʻArabī ; hamrāh bā Taʻlīqāt Ibn Sūdkīn va Kashf al-ghāyāt fī sharḥ mā iktanafat ʻalayhi al-Tajalliyāt ; taḥqīq ʻUthmān Ismāʻīl Yaḥyá.</marc:subfield>
      </marc:datafield>
      <marc:datafield tag="260" ind1=" " ind2=" ">
         <marc:subfield code="a">Ṭihrān :</marc:subfield>
         <marc:subfield code="b">Markaz-i Nashr-i Dānishgāhī,</marc:subfield>
         <marc:subfield code="c">1988.</marc:subfield>
      </marc:datafield>
      <marc:datafield tag="300" ind1=" " ind2=" ">
         <marc:subfield code="a">10, 675 p. :</marc:subfield>
         <marc:subfield code="b">ill., facsims. ;</marc:subfield>
         <marc:subfield code="c">25 cm.</marc:subfield>
      </marc:datafield>
      <marc:datafield tag="490" ind1="1" ind2=" ">
         <marc:subfield code="a">Markaz-i Nashr-i Dānishgāhī ;</marc:subfield>
         <marc:subfield code="v">369.</marc:subfield>
         <marc:subfield code="a">Falsafah ;</marc:subfield>
         <marc:subfield code="v">19</marc:subfield>
      </marc:datafield>
      <marc:datafield tag="504" ind1=" " ind2=" ">
         <marc:subfield code="a">Includes bibliographical references (p. 659-675) and indexes.</marc:subfield>
      </marc:datafield>
      <marc:datafield tag="500" ind1=" " ind2=" ">
         <marc:subfield code="a">Preface in Persian.</marc:subfield>
      </marc:datafield>
      <marc:datafield tag="500" ind1=" " ind2=" ">
         <marc:subfield code="a">Title on added t.p.: Ibn al-ʻArabī's al-Tajalliyāt al-ilāhiyya.</marc:subfield>
      </marc:datafield>
      <marc:datafield tag="650" ind1=" " ind2="0">
         <marc:subfield code="a">Mysticism</marc:subfield>
         <marc:subfield code="x">Islam.</marc:subfield>
      </marc:datafield>
      <marc:datafield tag="600" ind1="0" ind2="0">
         <marc:subfield code="a">Ibn al-ʻArabī,</marc:subfield>
         <marc:subfield code="d">1165-1240.</marc:subfield>
         <marc:subfield code="t">Tajalliyāt al-ilāhīyah.</marc:subfield>
      </marc:datafield>
      <marc:datafield tag="700" ind1="1" ind2=" ">
         <marc:subfield code="a">Yaḥyá, ʻUthmān.</marc:subfield>
      </marc:datafield>
      <marc:datafield tag="700" ind1="1" ind2=" ">
         <marc:subfield code="a">Nūrī, Ismāʻīl ibn Sawdakīn,</marc:subfield>
         <marc:subfield code="d">1192 or 1193-1248 or 1249.</marc:subfield>
      </marc:datafield>
      <marc:datafield tag="740" ind1="0" ind2=" ">
         <marc:subfield code="a">Kashf al-ghāyāt fī sharḥ mā iktanafat ʻalayhi al-Tajalliyāt.</marc:subfield>
      </marc:datafield>
      <marc:datafield tag="740" ind1="0" ind2=" ">
         <marc:subfield code="a">Ibn al-ʻArabī's al-Tajalliyāt al-ilahiyya.</marc:subfield>
      </marc:datafield>
      <marc:datafield tag="830" ind1=" " ind2="0">
         <marc:subfield code="a">Markaz-i Nashr-i Dānishgāhī (Series) ;</marc:subfield>
         <marc:subfield code="v">369.</marc:subfield>
      </marc:datafield>
      <marc:datafield tag="830" ind1=" " ind2="0">
         <marc:subfield code="a">Markaz-i Nashr-i Dānishgāhī (Series).</marc:subfield>
         <marc:subfield code="p">Falsafah ;</marc:subfield>
         <marc:subfield code="v">19.</marc:subfield>
      </marc:datafield>
      <marc:datafield tag="852" ind1="0" ind2=" ">
         <marc:subfield code="b">nec</marc:subfield>
         <marc:subfield code="t">2</marc:subfield>
         <marc:subfield code="h">B753.I23</marc:subfield>
         <marc:subfield code="i">T353 1988</marc:subfield>
         <marc:subfield code="p">726414</marc:subfield>
         <marc:subfield code="x">reclassed from: 2271.4075.388 1988</marc:subfield>
      </marc:datafield>
      <marc:datafield tag="852" ind1="0" ind2=" ">
         <marc:subfield code="b">nec</marc:subfield>
         <marc:subfield code="h">B753.I23</marc:subfield>
         <marc:subfield code="i">T353 1988</marc:subfield>
         <marc:subfield code="p">726413</marc:subfield>
         <marc:subfield code="x">reclassed from: 2271.4075.388 1988</marc:subfield>
      </marc:datafield>
      <marc:datafield tag="998" ind1=" " ind2=" ">
         <marc:subfield code="a">07/10/91</marc:subfield>
         <marc:subfield code="s">9114</marc:subfield>
         <marc:subfield code="n">NjP</marc:subfield>
         <marc:subfield code="w">MIUG91B9327</marc:subfield>
         <marc:subfield code="d">07/09/91</marc:subfield>
         <marc:subfield code="c">KVV</marc:subfield>
         <marc:subfield code="b">KVV</marc:subfield>
         <marc:subfield code="i">910710</marc:subfield>
         <marc:subfield code="l">NJPG</marc:subfield>
      </marc:datafield>
      <marc:datafield tag="911" ind1=" " ind2=" ">
         <marc:subfield code="a">19921028</marc:subfield>
      </marc:datafield>
      <marc:datafield tag="912" ind1=" " ind2=" ">
         <marc:subfield code="a">19970930031959.0</marc:subfield>
      </marc:datafield>
   </marc:record>
</marc:collection>
